<record><leader>00000cas a2200000 a 4500</leader><controlfield tag="001">9673741</controlfield><controlfield tag="008">830706d19371965pauwr ne      0   a0eng c</controlfield><datafield ind1=" " ind2=" " tag="010"><subfield code="a">sn 83045816 </subfield></datafield><datafield ind1=" " ind2=" " tag="040"><subfield code="a">CRL</subfield><subfield code="b">eng</subfield><subfield code="c">CRL</subfield><subfield code="d">NPW</subfield><subfield code="d">NPV</subfield><subfield code="d">DLC</subfield><subfield code="d">CNK</subfield><subfield code="d">NVK</subfield><subfield code="d">NVF</subfield><subfield code="d">DLC</subfield><subfield code="d">NVK</subfield><subfield code="d">CVF</subfield><subfield code="d">OCL</subfield><subfield code="d">OCLCQ</subfield><subfield code="d">OCLCF</subfield><subfield code="d">OCLCO</subfield><subfield code="d">CRL</subfield></datafield><datafield ind1=" " ind2=" " tag="042"><subfield code="a">pcc</subfield></datafield><datafield ind1=" " ind2=" " tag="043"><subfield code="a">n-us-pa</subfield></datafield><datafield ind1="0" ind2="0" tag="245"><subfield code="a">Philadelphia Afro-American.</subfield></datafield><datafield ind1=" " ind2=" " tag="260"><subfield code="a">Philadelphia, Pa. :</subfield><subfield code="b">Afro-American Co.,</subfield><subfield code="c">1937-1965.</subfield></datafield><datafield ind1=" " ind2=" " tag="300"><subfield code="a">v.</subfield></datafield><datafield ind1=" " ind2=" " tag="310"><subfield code="a">Weekly</subfield></datafield><datafield ind1="0" ind2=" " tag="362"><subfield code="a">Vol. 2, no. 3 (Aug. 28, 1937)-v. 30, no. 17 (Nov. 13, 1965).</subfield></datafield><datafield ind1="8" ind2=" " tag="521"><subfield code="a">"Black publication."</subfield></datafield><datafield ind1=" " ind2="0" tag="650"><subfield code="a">African Americans</subfield><subfield code="z">Pennsylvania</subfield><subfield code="z">Philadelphia</subfield><subfield code="v">Newspapers.</subfield></datafield><datafield ind1=" " ind2="0" tag="651"><subfield code="a">Philadelphia (Pa.)</subfield><subfield code="v">Newspapers.</subfield></datafield><datafield ind1=" " ind2="7" tag="650"><subfield code="a">African Americans.</subfield><subfield code="2">fast</subfield><subfield code="0">(OCoLC)fst00799558</subfield></datafield><datafield ind1=" " ind2="7" tag="651"><subfield code="a">Pennsylvania</subfield><subfield code="z">Philadelphia.</subfield><subfield code="2">fast</subfield><subfield code="0">(OCoLC)fst01204170</subfield></datafield><datafield ind1=" " ind2="7" tag="655"><subfield code="a">Newspapers.</subfield><subfield code="2">fast</subfield><subfield code="0">(OCoLC)fst01423814</subfield></datafield><datafield ind1=" " ind2=" " tag="752"><subfield code="a">United States</subfield><subfield code="b">Pennsylvania</subfield><subfield code="c">Philadelphia</subfield><subfield code="d">Philadelphia.</subfield></datafield><datafield ind1="0" ind2=" " tag="775"><subfield code="t">Washington Afro-American (Washington, D.C. : Red Star ed.)</subfield><subfield code="x">0043-0447</subfield><subfield code="w">(DLC)sn 84025928</subfield><subfield code="w">(OCoLC)2269349</subfield></datafield><datafield ind1="0" ind2=" " tag="775"><subfield code="t">Washington Afro American (Washington, D.C.)</subfield><subfield code="w">(DLC)sn 87062261</subfield><subfield code="w">(OCoLC)16156417</subfield></datafield><datafield ind1="0" ind2=" " tag="775"><subfield code="t">Washington Afro-American and the Washington tribune (Washington, D.C. : Blue Star ed.)</subfield><subfield code="w">(DLC)sn 87062260</subfield><subfield code="w">(OCoLC)16156425</subfield></datafield><datafield ind1="0" ind2=" " tag="775"><subfield code="t">New Jersey Afro American</subfield><subfield code="w">(DLC)sn 84025926</subfield><subfield code="w">(OCoLC)2264866</subfield></datafield><datafield ind1="0" ind2=" " tag="775"><subfield code="t">Afro-American (Baltimore, Md. : 1915)</subfield><subfield code="w">(DLC)sn 83045829</subfield><subfield code="w">(OCoLC)7642696</subfield></datafield><datafield ind1="0" ind2=" " tag="775"><subfield code="t">Afro-American (Baltimore, Md. : National ed.)</subfield><subfield code="w">(DLC)sn 85047583</subfield><subfield code="w">(OCoLC)12049092</subfield></datafield><datafield ind1="0" ind2=" " tag="775"><subfield code="t">Afro-American and the Richmond planet</subfield><subfield code="w">(DLC)sn 84025920</subfield><subfield code="w">(OCoLC)10702359</subfield></datafield><datafield ind1="0" ind2=" " tag="775"><subfield code="t">Richmond Afro-American and Richmond planet (Richmond, Va. : 1939)</subfield><subfield code="w">(DLC)sn 84025921</subfield><subfield code="w">(OCoLC)10702372</subfield></datafield><datafield ind1="0" ind2=" " tag="775"><subfield code="t">Richmond Afro-American</subfield><subfield code="w">(DLC)sn 84025922</subfield><subfield code="w">(OCoLC)10702392</subfield></datafield><datafield ind1="0" ind2="0" tag="780"><subfield code="t">Afro-American (Philadelphia, Pa. : 1934)</subfield><subfield code="w">(DLC)sn 84025924</subfield><subfield code="w">(OCoLC)10702239</subfield></datafield><datafield ind1="0" ind2="0" tag="785"><subfield code="t">Afro-American (Baltimore, Md. : 1965 : Philadelphia ed.)</subfield><subfield code="w">(DLC)sn 84025927</subfield><subfield code="w">(OCoLC)1478470</subfield></datafield><datafield ind1="1" ind2=" " tag="029"><subfield code="a">AU@</subfield><subfield code="b">000020415842</subfield></datafield></record>